<collection xmlns:xsi="http://www.w3.org/2001/XMLSchema-instance" xmlns="http://www.loc.gov/MARC21/slim" xsi:schemaLocation="http://www.loc.gov/MARC21/slim http://www.loc.gov/standards/marcxml/schema/MARC21slim.xsd">

<record>
  <leader>08389ckdaa2200937 a 4500</leader>
  <controlfield tag="001">3462134</controlfield>
  <controlfield tag="005">20100226103335.0</controlfield>
  <controlfield tag="008">890407s1898    xx ||| |||||||   1k|eng d</controlfield>
  <datafield tag="035" ind1=" " ind2=" ">
    <subfield code="a">(OCoLC)78907574</subfield>
  </datafield>
  <datafield tag="035" ind1=" " ind2=" ">
    <subfield code="a">(OCoLC)ocm78907574</subfield>
  </datafield>
  <datafield tag="035" ind1=" " ind2=" ">
    <subfield code="a">(CStRLIN)NYDA89-F414</subfield>
  </datafield>
  <datafield tag="035" ind1=" " ind2=" ">
    <subfield code="9">AAA2605AD</subfield>
  </datafield>
  <datafield tag="035" ind1=" " ind2=" ">
    <subfield code="a">(NNC)3462134</subfield>
  </datafield>
  <datafield tag="040" ind1=" " ind2=" ">
    <subfield code="a">NNC</subfield>
    <subfield code="c">NNC</subfield>
    <subfield code="e">gihc</subfield>
  </datafield>
  <datafield tag="043" ind1=" " ind2=" ">
    <subfield code="a">n-us- ca</subfield>
  </datafield>
  <datafield tag="090" ind1=" " ind2=" ">
    <subfield code="i">06/04/01 T</subfield>
    <subfield code="h">01/09/92 N</subfield>
  </datafield>
  <datafield tag="110" ind1="2" ind2=" ">
    <subfield code="a">Greene &amp; Greene.</subfield>
  </datafield>
  <datafield tag="240" ind1="1" ind2="0">
    <subfield code="a">Winthrop B. Fay house (Pasadena, Calif.)</subfield>
  </datafield>
  <datafield tag="245" ind1="1" ind2="0">
    <subfield code="a">Residence for Winthrop B. Fay, Esq. Pasadena, Cal.</subfield>
    <subfield code="h">[graphic] /</subfield>
    <subfield code="c">Greene &amp; Greene, architects.</subfield>
  </datafield>
  <datafield tag="260" ind1=" " ind2=" ">
    <subfield code="a">1898.</subfield>
  </datafield>
  <datafield tag="300" ind1=" " ind2=" ">
    <subfield code="a">31 sheets :</subfield>
    <subfield code="b">various media ;</subfield>
    <subfield code="c">77.5 x 76.7 cm. (30 1/2 x 30 1/4 in.) or smaller.</subfield>
  </datafield>
  <datafield tag="500" ind1=" " ind2=" ">
    <subfield code="a">Scale varies.</subfield>
  </datafield>
  <datafield tag="500" ind1=" " ind2=" ">
    <subfield code="a">Bracketed title elements supplied by cataloger or taken from inventory.</subfield>
  </datafield>
  <datafield tag="500" ind1=" " ind2=" ">
    <subfield code="a">Forms part of the Greene &amp; Greene collection of architectural drawings; job no. 28.</subfield>
  </datafield>
  <datafield tag="500" ind1=" " ind2=" ">
    <subfield code="a">Some of the drawings contain signatures -- "M.S. Plant, James P. Dawson, W.B. Fay (owner)".</subfield>
  </datafield>
  <datafield tag="500" ind1=" " ind2=" ">
    <subfield code="a">This set consists of 10 ink drawings on cloth with pencil markings and also with watercolor wash applied to the verso, 5 pencil drawings on paper, 3 ink drawings with pencil markings on cloth, 4 ink and watercolor wash drawings on tracing paper, 2 pencil and watercolor wash drawings on paper, 2 pencil drawings on tracing paper, 2 ink and watercolor wash drawings with pencil markings on tracing paper, 2 ink drawings on tracing paper, 2 ink and pencil drawings on paper, 1 ink drawing with pencil markings and also with watercolor wash applied to the verso on tracing paper, and 1 ink and watercolor wash drawing on cloth.</subfield>
  </datafield>
  <datafield tag="561" ind1=" " ind2=" ">
    <subfield code="a">Gift of Jean Murray Bangs (Mrs. Harwell Hamilton Harris), 1960; formerly the collection of Charles Sumner Greene.</subfield>
  </datafield>
  <datafield tag="650" ind1=" " ind2="7">
    <subfield code="a">Houses.</subfield>
    <subfield code="2">aat</subfield>
  </datafield>
  <datafield tag="650" ind1=" " ind2="7">
    <subfield code="a">Bays (building divisions).</subfield>
    <subfield code="2">aat</subfield>
  </datafield>
  <datafield tag="655" ind1=" " ind2="7">
    <subfield code="a">Site plans.</subfield>
    <subfield code="2">aat</subfield>
  </datafield>
  <datafield tag="655" ind1=" " ind2="7">
    <subfield code="a">Detail drawings.</subfield>
    <subfield code="2">aat</subfield>
  </datafield>
  <datafield tag="655" ind1=" " ind2="7">
    <subfield code="a">Sketches.</subfield>
    <subfield code="2">aat</subfield>
  </datafield>
  <datafield tag="655" ind1=" " ind2="7">
    <subfield code="a">Architectural Drawings</subfield>
    <subfield code="x">American.</subfield>
    <subfield code="2">aat</subfield>
  </datafield>
  <datafield tag="655" ind1=" " ind2="7">
    <subfield code="a">Reflected ceiling plans.</subfield>
    <subfield code="2">aat</subfield>
  </datafield>
  <datafield tag="655" ind1=" " ind2="7">
    <subfield code="a">Orthograpic drawings.</subfield>
    <subfield code="2">aat</subfield>
  </datafield>
  <datafield tag="655" ind1=" " ind2="7">
    <subfield code="a">Framing portrait.</subfield>
    <subfield code="2">aat</subfield>
  </datafield>
  <datafield tag="691" ind1=" " ind2="0">
    <subfield code="a">Pasadena (Calif.)</subfield>
  </datafield>
  <datafield tag="697" ind1="2" ind2="4">
    <subfield code="a">Winthrop B. Fay house (Pasadena, Calif.)</subfield>
  </datafield>
  <datafield tag="650" ind1=" " ind2="0">
    <subfield code="a">Architecture</subfield>
    <subfield code="z">United States</subfield>
    <subfield code="v">Designs and plans.</subfield>
  </datafield>
  <datafield tag="700" ind1="1" ind2=" ">
    <subfield code="a">Greene, Charles Sumner,</subfield>
    <subfield code="d">1868-1957.</subfield>
  </datafield>
  <datafield tag="700" ind1="1" ind2=" ">
    <subfield code="a">Greene, Henry Mather,</subfield>
    <subfield code="d">1870-1954.</subfield>
  </datafield>
  <datafield tag="700" ind1="1" ind2=" ">
    <subfield code="a">Fay, Winthrop B.</subfield>
  </datafield>
  <datafield tag="755" ind1=" " ind2=" ">
    <subfield code="a">Ink drawings.</subfield>
    <subfield code="2">aat</subfield>
  </datafield>
  <datafield tag="755" ind1=" " ind2=" ">
    <subfield code="a">Pencil drawings.</subfield>
    <subfield code="2">aat</subfield>
  </datafield>
  <datafield tag="755" ind1=" " ind2=" ">
    <subfield code="a">Watercolor wash drawings.</subfield>
    <subfield code="2">aat</subfield>
  </datafield>
  <datafield tag="799" ind1="4" ind2="1">
    <subfield code="a">The Greene &amp; Greene collection of architectural drawings.</subfield>
  </datafield>
  <datafield tag="789" ind1="0" ind2=" ">
    <subfield code="1">[1]</subfield>
    <subfield code="i">NYDA.1960.001.01135.</subfield>
    <subfield code="v">[AVERYimage].</subfield>
    <subfield code="t">Foundation plan [with detail drawings] :</subfield>
    <subfield code="n">1,</subfield>
    <subfield code="d">May 20, 1898.</subfield>
  </datafield>
  <datafield tag="789" ind1="0" ind2=" ">
    <subfield code="1">[2]</subfield>
    <subfield code="i">NYDA.1960.001.01136.</subfield>
    <subfield code="v">[AVERYimage].</subfield>
    <subfield code="t">First floor plan, section A-A :</subfield>
    <subfield code="n">2,</subfield>
    <subfield code="d">May 20, 1898.</subfield>
  </datafield>
  <datafield tag="789" ind1="0" ind2=" ">
    <subfield code="1">[3]</subfield>
    <subfield code="i">NYDA.1960.001.01137.</subfield>
    <subfield code="v">[AVERYimage].</subfield>
    <subfield code="t">[First floor plan]</subfield>
  </datafield>
  <datafield tag="789" ind1="0" ind2=" ">
    <subfield code="1">[4]</subfield>
    <subfield code="i">NYDA.1960.001.01138.</subfield>
    <subfield code="v">[AVERYimage].</subfield>
    <subfield code="t">Second floor plan :</subfield>
    <subfield code="n">3,</subfield>
    <subfield code="d">May 20, 1898.</subfield>
  </datafield>
  <datafield tag="789" ind1="0" ind2=" ">
    <subfield code="1">[5]</subfield>
    <subfield code="i">NYDA.1960.001.01139.</subfield>
    <subfield code="v">[AVERYimage].</subfield>
    <subfield code="t">[Second floor plan]</subfield>
  </datafield>
  <datafield tag="789" ind1="0" ind2=" ">
    <subfield code="1">[6]</subfield>
    <subfield code="i">NYDA.1960.001.01140.</subfield>
    <subfield code="v">[AVERYimage].</subfield>
    <subfield code="t">Attic floor plan :</subfield>
    <subfield code="n">4,</subfield>
    <subfield code="d">May 20, 1898.</subfield>
  </datafield>
  <datafield tag="789" ind1="0" ind2=" ">
    <subfield code="1">[7]</subfield>
    <subfield code="i">NYDA.1960.001.04706.</subfield>
    <subfield code="v">[AVERYimage].</subfield>
    <subfield code="t">Front elevation :</subfield>
    <subfield code="n">5,</subfield>
    <subfield code="d">May 28, 1898.</subfield>
  </datafield>
  <datafield tag="789" ind1="0" ind2=" ">
    <subfield code="1">[8]</subfield>
    <subfield code="i">NYDA.1960.001.01141.</subfield>
    <subfield code="v">[AVERYimage].</subfield>
    <subfield code="t">North elevation :</subfield>
    <subfield code="n">6,</subfield>
    <subfield code="d">May 20, 1898.</subfield>
  </datafield>
  <datafield tag="789" ind1="0" ind2=" ">
    <subfield code="1">[9]</subfield>
    <subfield code="i">NYDA.1960.001.01142A.</subfield>
    <subfield code="v">[AVERYimage].</subfield>
    <subfield code="t">Rear elevation :</subfield>
    <subfield code="n">7,</subfield>
    <subfield code="d">May 20, 1898.</subfield>
    <subfield code="o">"Corrected drawing, June 13, 1898."</subfield>
  </datafield>
  <datafield tag="789" ind1="0" ind2=" ">
    <subfield code="1">[10]</subfield>
    <subfield code="i">NYDA.1960.001.01142B.</subfield>
    <subfield code="v">[AVERYimage].</subfield>
    <subfield code="t">[TEMP]</subfield>
  </datafield>
  <datafield tag="789" ind1="0" ind2=" ">
    <subfield code="1">[11]</subfield>
    <subfield code="i">NYDA.1960.001.01143.</subfield>
    <subfield code="v">[AVERYimage].</subfield>
    <subfield code="t">South elevation :</subfield>
    <subfield code="n">8,</subfield>
    <subfield code="d">May 20, 1898.</subfield>
  </datafield>
  <datafield tag="789" ind1="0" ind2=" ">
    <subfield code="1">[10]</subfield>
    <subfield code="i">NYDA.1960.001.01144.</subfield>
    <subfield code="v">[AVERYimage].</subfield>
    <subfield code="t">1/2 inch scale details [of] exterior :</subfield>
    <subfield code="n">9,</subfield>
    <subfield code="d">[approved] May 28, 1898.</subfield>
  </datafield>
  <datafield tag="789" ind1="0" ind2=" ">
    <subfield code="1">[12]</subfield>
    <subfield code="i">NYDA.1960.001.01145.</subfield>
    <subfield code="v">[AVERYimage].</subfield>
    <subfield code="t">[1/2 inch scale details [of] exterior]</subfield>
  </datafield>
  <datafield tag="789" ind1="0" ind2=" ">
    <subfield code="1">[13]</subfield>
    <subfield code="i">NYDA.1960.001.01146.</subfield>
    <subfield code="v">[AVERYimage].</subfield>
    <subfield code="t">1/2 inch scale details of hall :</subfield>
    <subfield code="n">10,</subfield>
    <subfield code="d">May 20, 1898.</subfield>
  </datafield>
  <datafield tag="789" ind1="0" ind2=" ">
    <subfield code="1">[14]</subfield>
    <subfield code="i">NYDA.1960.001.01147.</subfield>
    <subfield code="v">[AVERYimage].</subfield>
    <subfield code="t">[1/2 inch scale details of hall]</subfield>
  </datafield>
  <datafield tag="789" ind1="0" ind2=" ">
    <subfield code="1">[15]</subfield>
    <subfield code="i">NYDA.1960.001.01148.</subfield>
    <subfield code="v">[AVERYimage].</subfield>
    <subfield code="t">Details of bookcases and stereo relief in library -- [elevation with section through seat], section through desk &amp; cupboard, [elevation of] front of seat, plan of bookcases, [reflected ceiling plan of] centre piece [of] stereo relief ; detail[s] of mantel in southwest bedroom -- [front] elevation, side [elevation], plan :</subfield>
    <subfield code="n">11.</subfield>
  </datafield>
  <datafield tag="789" ind1="0" ind2=" ">
    <subfield code="1">[16]</subfield>
    <subfield code="i">NYDA.1960.001.01149.</subfield>
    <subfield code="v">[AVERYimage].</subfield>
    <subfield code="t">Details of bookcases and stereo relief in library -- elevation with section through seat, section through desk &amp;cupboard, elevation of front of seat, plan of bookcases, reflected ceiling plan of center piece of stereo relief]</subfield>
  </datafield>
  <datafield tag="789" ind1="0" ind2=" ">
    <subfield code="1">[17]</subfield>
    <subfield code="i">NYDA.1960.001.01150R.</subfield>
    <subfield code="v">[AVERYimage].</subfield>
    <subfield code="t">Detail of mantel in southwest bedroom -- [front] elevation, side [elevation], plan.</subfield>
  </datafield>
  <datafield tag="789" ind1="0" ind2=" ">
    <subfield code="1">[18]</subfield>
    <subfield code="i">NYDA.1960.001.01150V.</subfield>
    <subfield code="v">[AVERYimage].</subfield>
    <subfield code="t">[Front and side elevations of unidentified mantel]</subfield>
  </datafield>
  <datafield tag="789" ind1="0" ind2=" ">
    <subfield code="1">[19]</subfield>
    <subfield code="i">NYDA.1960.001.01151.</subfield>
    <subfield code="v">[AVERYimage].</subfield>
    <subfield code="t">1/2 inch scale details of dining room -- elevation of alcove, side elevation of bay, elevation of east side, elevation of south side, plan of mantel ; 1/2 inch scale details of oak mantel in sitting room -- front elevation, side [elevation], plan :</subfield>
    <subfield code="n">12,</subfield>
    <subfield code="d">[approved] May 28, 1898.</subfield>
  </datafield>
  <datafield tag="789" ind1="0" ind2=" ">
    <subfield code="1">[20]</subfield>
    <subfield code="i">NYDA.1960.001.01152R.</subfield>
    <subfield code="v">[AVERYimage].</subfield>
    <subfield code="t">[1/2 scale details of dining room] -- elevation of alcove, [side elevation of] bay, [elevation of east side showing] mantel, plan [of mantel], elevation of south side.</subfield>
  </datafield>
  <datafield tag="789" ind1="0" ind2=" ">
    <subfield code="1">[21]</subfield>
    <subfield code="i">NYDA.1960.001.01152V.</subfield>
    <subfield code="v">[AVERYimage].</subfield>
    <subfield code="t">[Unidentified rough detail sketches]</subfield>
  </datafield>
  <datafield tag="789" ind1="0" ind2=" ">
    <subfield code="1">[22]</subfield>
    <subfield code="i">NYDA.1960.001.01153.</subfield>
    <subfield code="v">[AVERYimage].</subfield>
    <subfield code="t">Oak mantel in sitting rm. -- side [and] front elevation[s], plan.</subfield>
  </datafield>
  <datafield tag="789" ind1="0" ind2=" ">
    <subfield code="1">[23]</subfield>
    <subfield code="i">NYDA.1960.001.01154.</subfield>
    <subfield code="v">[AVERYimage].</subfield>
    <subfield code="t">Detail of marble slab -- elevation, plan, section :</subfield>
    <subfield code="n">14,</subfield>
    <subfield code="d">Jun. 3, 1898.</subfield>
  </datafield>
  <datafield tag="789" ind1="0" ind2=" ">
    <subfield code="1">[24]</subfield>
    <subfield code="i">NYDA.1960.001.01155.</subfield>
    <subfield code="v">[AVERYimage].</subfield>
    <subfield code="t">Detail showing manner of returning cap moulds, half plan of library hay, half plan of sitting r'm bay :</subfield>
    <subfield code="n">No. 17a.</subfield>
  </datafield>
  <datafield tag="789" ind1="0" ind2=" ">
    <subfield code="1">[25]</subfield>
    <subfield code="i">NYDA.1960.001.01156.</subfield>
    <subfield code="v">[AVERYimage].</subfield>
    <subfield code="t">1 1/2 inch scale details of parlor bay and seat, and F.S. details of parlor seat -- line show[ing] curve on end of parlor seat, F.S.D. [of] end of arm of parlor seat, F.S. details of parlor seat moulds (all of slelcted kiln dried quartered white oak), F.S. detail of turned legs, elevation of seat, half plan of parlor bay :</subfield>
    <subfield code="n">No. 17b.</subfield>
  </datafield>
  <datafield tag="789" ind1="0" ind2=" ">
    <subfield code="1">[26]</subfield>
    <subfield code="i">NYDA.1960.001.01157.</subfield>
    <subfield code="v">[AVERYimage].</subfield>
    <subfield code="t">Half plan of dining r'm bay, part plan of S.E. bedr'm bay :</subfield>
    <subfield code="n">17c.</subfield>
  </datafield>
  <datafield tag="789" ind1="0" ind2=" ">
    <subfield code="1">[27]</subfield>
    <subfield code="i">NYDA.1960.001.01158.</subfield>
    <subfield code="v">[AVERYimage].</subfield>
    <subfield code="t">Framing details -- plan of 2nd floor framing on bay in S.E. bedr'm, detail of truss over sitting r'm bay [in] elevation[s and] plan :</subfield>
    <subfield code="n">No. 23.</subfield>
  </datafield>
  <datafield tag="789" ind1="0" ind2=" ">
    <subfield code="1">[28]</subfield>
    <subfield code="i">NYDA.1960.001.01159.</subfield>
    <subfield code="v">[AVERYimage].</subfield>
    <subfield code="t">1/2 inch scale details of pantries -- plan of butler's pantry, elevation of west side, elevation of north side, elevation of east side ; plan of kitchen pantry, part elevation of west side showing finish around alcove, elevation of north side, elevation of east side, elevation of south side :</subfield>
    <subfield code="n">35.</subfield>
  </datafield>
  <datafield tag="789" ind1="0" ind2=" ">
    <subfield code="1">[29]</subfield>
    <subfield code="i">NYDA.1960.001.01160.</subfield>
    <subfield code="v">[AVERYimage].</subfield>
    <subfield code="t">Inch scale details of linen and medicine closets and cases of drawers -- medicine closet [in] elevation [and] section, linen closet [in] elevation [and] section, cases of drawers [in] elevation [of] cases in closets opening into S.E. bedroom, section (same section for both elevation), [and] elevation [of] case in closet opening into S.W. bedroom (same detail for case in closet opening into N.E. bedroom) :</subfield>
    <subfield code="n">No. 45a.</subfield>
  </datafield>
  <datafield tag="789" ind1="0" ind2=" ">
    <subfield code="1">[30]</subfield>
    <subfield code="i">NYDA.1960.001.01161.</subfield>
    <subfield code="v">[AVERYimage].</subfield>
    <subfield code="t">1/2 inch scale details of back stairs -- plan[s] of windows, [partial] plan, [elevation] looking east, section thro' upper run looking north :</subfield>
    <subfield code="n">No. 50,</subfield>
    <subfield code="d">Aug. 13, 1898.</subfield>
  </datafield>
  <datafield tag="789" ind1="0" ind2=" ">
    <subfield code="1">[31]</subfield>
    <subfield code="i">NYDA.1960.001.01162.</subfield>
    <subfield code="v">[AVERYimage].</subfield>
    <subfield code="t">1 inch scale details of bookcases in library -- elevation [of west side], elevation ... north side, vertical section on center line, plan, [oak seat in] end [elevation and] section :</subfield>
    <subfield code="n">No. 69.</subfield>
  </datafield>
  <datafield tag="789" ind1="0" ind2=" ">
    <subfield code="1">[32]</subfield>
    <subfield code="i">NYDA.1960.001.01163.</subfield>
    <subfield code="v">[AVERYimage].</subfield>
    <subfield code="t">Plan of grounds :</subfield>
    <subfield code="n">No. 76.</subfield>
  </datafield>
  <datafield tag="789" ind1="0" ind2=" ">
    <subfield code="1">[33]</subfield>
    <subfield code="i">NYDA.1960.001.01164.</subfield>
    <subfield code="v">[AVERYimage].</subfield>
    <subfield code="t">[Detail sketches of] library bay.</subfield>
  </datafield>
  <datafield tag="900" ind1=" " ind2=" ">
    <subfield code="a">AUTH</subfield>
  </datafield>
</record>

</collection>